@article{fitzgerald2000marmot,
  title={Marmot: An optimizing compiler for Java},
  author={Fitzgerald, Robert and Knoblock, Todd B and Ruf, Erik and Steensgaard, Bjarne and Tarditi, David},
  journal={Software-Practice and Experience},
  volume={30},
  number={3},
  pages={199--232},
  year={2000},
  publisher={Citeseer}
}

@inproceedings{alpern2001efficient,
  title={Efficient implementation of Java interfaces: Invokeinterface considered harmless},
  author={Alpern, Bowen and Cocchi, Anthony and Fink, Stephen and Grove, David},
  booktitle={ACM SIGPLAN Notices},
  volume={36},
  number={11},
  pages={108--124},
  year={2001},
  organization={ACM}
}


@online{jikes2021online,
  title = {Официальный сайт проекта Jikes RVM},
  url = {https://www.jikesrvm.org/},
  urldate = {2021-03-28}
}

@inproceedings{preusser2007enabling,
  title={Enabling constant-time interface method dispatch in embedded Java processors},
  author={Preu{\ss}er, Thomas B and Zabel, Martin and Spallek, Rainer G},
  booktitle={Proceedings of the 5th international workshop on Java technologies for real-time and embedded systems},
  pages={196--205},
  year={2007},
  organization={ACM}
}

@article{preusser2011increasing,
  title={Increasing the Performance and Predictability of the Code Execution on an Embedded Java Platform},
  author={Preu{\ss}er, Thomas},
  year={2011}
}

@inproceedings{mikheev2002overview,
  title={Overview of excelsior JET, a high performance alternative to java virtual machines},
  author={Mikheev, V and Lipsky, N and Gurchenkov, D and Pavlov, P and Sukharev, V and Markov, A and Kuksenko, S and Fedoseev, S and Leskov, D and Yeryomin, A},
  booktitle={Proceedings of the 3rd international workshop on Software and performance},
  pages={104--113},
  year={2002},
  organization={ACM}
}

@book{gosling2000java,
  title={The Java language specification},
  author={Gosling, James},
  year={2000},
  publisher={Addison-Wesley Professional}
}

@book{lindholm2014java,
  title={The Java virtual machine specification},
  author={Lindholm, Tim and Yellin, Frank and Bracha, Gilad and Buckley, Alex},
  year={2014},
  publisher={Pearson Education}
}

@misc{yellin1996java,
  title={The java virtual machine specification},
  author={Yellin, Frank and Lindholm, Tim},
  year={1996},
  publisher={Addison-Wesley}
}

@misc{odersky2004scala,
  title={The Scala language specification},
  author={Odersky, Martin and Altherr, Philippe and Cremet, Vincent and Emir, Burak and Micheloud, Stphane and Mihaylov, Nikolay and Schinz, Michel and Stenman, Erik and Zenger, Matthias},
  year={2004},
  publisher={Citeseer}
}

@techreport{odersky2004overview,
  title={An overview of the Scala programming language},
  author={Odersky, Martin and Altherr, Philippe and Cremet, Vincent and Emir, Burak and Maneth, Sebastian and Micheloud, St{\'e}phane and Mihaylov, Nikolay and Schinz, Michel and Stenman, Erik and Zenger, Matthias},
  year={2004}
}

@book{ellis1990annotated,
  title={The annotated C++ reference manual},
  author={Ellis, Margaret A and Stroustrup, Bjarne},
  year={1990},
  publisher={Addison-Wesley}
}

@article{stroustrup1989multiple,
  title={Multiple inheritance for C++},
  author={Stroustrup, Bjarne},
  journal={Computing Systems},
  volume={2},
  number={4},
  pages={367--395},
  year={1989}
}

@book{dahl1973simula,
  title={SIMULA TM Implementation Guide},
  author={Dahl, Ole-Johan and Myhrhaug, Bj{\o}rn},
  year={1973},
  publisher={Norwegian Computing Center}
}

@inproceedings{driesen1996direct,
  title={The direct cost of virtual function calls in C++},
  author={Driesen, Karel and H{\"o}lzle, Urs},
  booktitle={ACM Sigplan Notices},
  volume={31},
  number={10},
  pages={306--323},
  year={1996},
  organization={ACM}
}

@article{krall1997cacao,
  title={CACAO - A 64-bit JavaVM Just-in-Time Compiler},
  author={Krall, Andreas and Grafl, Reinhard},
  journal={Concurrency Practice and Experience},
  volume={9},
  number={11},
  pages={1017--1030},
  year={1997},
  publisher={Chichester, Sussex: J. Wiley, c1989-c2000.}
}

@online{cacao2021online,
  title = {Официальный сайт проекта CACAO JVM},
  url = {http://www.cacaojvm.org/},
  urldate = {2021-03-28}
}

@inproceedings{driesen1995message,
  title={Message dispatch on pipelined processors},
  author={Driesen, Karel and H{\"o}lzle, Urs and Vitek, Jan},
  booktitle={European Conference on Object-Oriented Programming},
  pages={253--282},
  year={1995},
  organization={Springer}
}

@inproceedings{dean1995optimization,
  title={Optimization of object-oriented programs using static class hierarchy analysis},
  author={Dean, Jeffrey and Grove, David and Chambers, Craig},
  booktitle={European Conference on Object-Oriented Programming},
  pages={77--101},
  year={1995},
  organization={Springer}
}

@article{chambers1996whole,
  title={Whole-program optimization of object-oriented languages},
  author={Chambers, Craig and Dean, Jeffrey and Grove, David},
  journal={University of Washington Seattle, Technical Report 96-06},
  volume={2},
  year={1996}
}

@book{dean1996whole,
  title={Whole-program optimization of object-oriented languages},
  author={Dean, Jeffrey A and Chambers, Craig},
  year={1996},
  publisher={Citeseer}
}

@techreport{odersky2004overview,
  title={An overview of the Scala programming language},
  author={Odersky, Martin and Altherr, Philippe and Cremet, Vincent and Emir, Burak and Maneth, Sebastian and Micheloud, St{\'e}phane and Mihaylov, Nikolay and Schinz, Michel and Stenman, Erik and Zenger, Matthias},
  year={2004}
}

@inproceedings{holzle1991optimizing,
  title={Optimizing dynamically-typed object-oriented languages with polymorphic inline caches},
  author={H{\"o}lzle, Urs and Chambers, Craig and Ungar, David},
  booktitle={European Conference on Object-Oriented Programming},
  pages={21--38},
  year={1991},
  organization={Springer}
}

@inproceedings{deutsch1984efficient,
  title={Efficient implementation of the Smalltalk-80 system},
  author={Deutsch, L Peter and Schiffman, Allan M},
  booktitle={Proceedings of the 11th ACM SIGACT-SIGPLAN symposium on Principles of programming languages},
  pages={297--302},
  year={1984}
}

@book{krasner1983bits,
  title={Bits of History, Words of Advice},
  author={Krasner, Glenn},
  year={1983},
  publisher={Addison-Wesley}
}

@inproceedings{andre1992optimizing,
  title={Optimizing method search with lookup caches and incremental coloring},
  author={Andr{\'e}, Pascal and Royer, Jean-Claude},
  booktitle={ACM Sigplan Notices},
  volume={27},
  number={10},
  pages={110--126},
  year={1992},
  organization={ACM}
}

@article{cox1986object,
  title={Object-oriented programming: an evolutionary approach},
  author={Cox, Brad J},
  year={1986}
}

@inproceedings{gagnon2001sable,
  title={Sable VM: A research framework for the efficient execution of Java bytecode},
  author={Gagnon, Etienne M and Hendren, Laurie J},
  booktitle={Java Virtual Machine Research and Technology Symposium},
  pages={27--40},
  year={2001}
}

@online{sable2021online,
  title = {Официальный сайт проекта SableVM},
  url = {http://www.sablevm.org/},
  urldate = {2021-03-28}
}

@article{трепаков2016динамическая,
  title={Динамическая генерация метаданных для объектно-ориентированных программ в управляемых средах},
  author={Трепаков, Иван Сергеевич},
  year={2016}
}

@article{марков2001эффективная,
  title={Эффективная реализация метаязыковых средств в составе системы поддержки времени выполнения для статического Java-компилятора},
  author={Марков, Александр Николаевич},
  year={2001}
}

@inproceedings{driesen1993selector,
  title={Selector table indexing \& sparse arrays},
  author={Driesen, Karel},
  booktitle={ACM Sigplan Notices},
  volume={28},
  number={10},
  pages={259--270},
  year={1993},
  organization={ACM}
}

@inproceedings{dixon1989fast,
  title={A fast method dispatcher for compiled languages with multiple inheritance},
  author={Dixon, R and McKee, T and Vaughan, M and Schweizer, Paul},
  booktitle={Conference proceedings on Object-oriented programming systems, languages and applications},
  pages={211--214},
  year={1989}
}

@inproceedings{vitek1994taming,
  title={Taming message passing: Efficient method look-up for dynamically typed languages},
  author={Vitek, Jan and Horspool, R Nigel},
  booktitle={European Conference on Object-Oriented Programming},
  pages={432--449},
  year={1994},
  organization={Springer}
}

@inproceedings{vitek1996compact,
  title={Compact dispatch tables for dynamically typed object oriented languages},
  author={Vitek, Jan and Horspool, R Nigel},
  booktitle={International Conference on Compiler Construction},
  pages={309--325},
  year={1996},
  organization={Springer}
}

@book{kochan2011programming,
  title={Programming in objective-C},
  author={Kochan, Stephen G},
  year={2011},
  publisher={Addison-Wesley Professional}
}

@book{hejlsberg2003c,
  title={C\# language specification},
  author={Hejlsberg, Anders and Wiltamuth, Scott and Golde, Peter},
  year={2003},
  publisher={Addison-Wesley Longman Publishing Co., Inc.}
}

@techreport{developers2008jruby,
  title={JRuby a Java powered Ruby implementation},
  author={Developers, JRuby},
  year={2008},
  institution={Technical report, http://jruby. codehaus. org/, accessed 2008}
}

@misc{courington2012getting,
  title={Getting Started with Java SE Embedded on the Raspberry Pi},
  url={https://www.oracle.com/technical-resources/articles/java/raspberrypi.html},
  author={Courington, Bill and Collins, Gary},
  year={2012}
}

@techreport{vallee1998profiling,
  title={Profiling the Kaffe JIT compiler},
  author={Vall{\'e}e-Rai, Raja},
  year={1998},
  institution={Technical Report 1998-2, McGill University, February 1998. http://www. sable. mcgill. ca/publications}
}

@book{gormley2015elasticsearch,
  title={Elasticsearch: The Definitive Guide: A Distributed Real-Time Search and Analytics Engine},
  author={Gormley, Clinton and Tong, Zachary},
  year={2015},
  publisher={" O'Reilly Media, Inc."}
}

@article{samuel2017programming,
  title={Programming Kotlin},
  author={Samuel, Stephen and Bocutiu, Stefan},
  year={2017},
  publisher={Packt Publishing}
}

@book{flanagan2008ruby,
  title={The Ruby Programming Language: Everything You Need to Know},
  author={Flanagan, David and Matsumoto, Yukihiro},
  year={2008},
  publisher={" O'Reilly Media, Inc."}
}

@book{meyer1992eiffel,
  title={Eiffel: the language},
  author={Meyer, Bertrand},
  year={1992},
  publisher={Prentice-Hall, Inc.}
}

@book{van2003python,
  title={Python language reference manual},
  author={Van Rossum, Guido and Drake, Fred L},
  year={2003},
  publisher={Network Theory}
}

@book{box2003essential,
  title={Essential. Net: the common language runtime},
  author={Box, Don and Sells, Chris},
  volume={1},
  year={2003},
  publisher={Addison-Wesley Professional}
}

@article{йорх2016эффективная,
  title={Эффективная интерпретация объектно-ориентированных программ в среде исполнения с ограничениями по безопасности},
  author={Йорх, Игорь Анатольевич},
  year={2016}
}

@inproceedings{трепаков2018эффективная,
  title={Эффективная реализация таблиц виртуальных методов в языках с поддержкой ограниченного множественного наследования},
  author={Трепаков, Иван Сергеевич},
  booktitle={Материалы 56-й Международной научной студенческой конференции: Математика},
  pages={183},
  year={2018}
}

@patent{гигуз2017excelsior,
  title={Свидетельство о государственной регистрации программы для ЭВМ №2017613872. Excelsior JET Embedded 11.3 for Linux/ARM},
  author={Гигуз, Антон Леонидович and Йорх, Игорь Анатольевич and Ким, Руслан Енманович and Киреев, Иван Юрьевич and Лапухов, Сергей Александрович and Лесков, Дмитрий Валерьевич and Липский, Никита Валерьевич and Львов, Константин Геннадиевич and Малиновский, Владимир Евгеньевич and Михеев, Виталий Витальевич and others},
  year={2017}
}

@inproceedings{трепаков2018эффективная,
  title={Эффективная реализация таблиц виртуальных методов в языках с поддержкой ограниченного множественного наследования},
  author={Трепаков, Иван Сергеевич},
  booktitle={Материалы 56-й Международной научной студенческой конференции МНСК-2018: Математика},
  pages={183},
  year={2018}
}

@inproceedings{трепаков2020эффективная,
  title={Эффективная генерация служебных метаданных для таблиц виртуальных методов в статических компиляторах},
  author={Трепаков, Иван Сергеевич},
  booktitle={Материалы 58-й Международной научной студенческой конференции МНСК-2020: Математика},
  pages={133},
  year={2020}
}

@inproceedings{trepakov2020compact,
  title={Compact Interface Method Table Layout},
  author={Trepakov, Ivan and Pavlov, Pavel},
  booktitle={2020 Ivannikov Memorial Workshop (IVMEM)},
  pages={62--68},
  year={2020},
  organization={IEEE}
}

@article{сигаев2000операционные,
  title={Операционные системы для встраиваемых применений},
  author={Сигаев, Алексей},
  journal={Компоненты и технологии},
  number={5},
  year={2000},
  publisher={Общество с ограниченной ответственностью {\guillemotleft}Издательство Файнстрит{\guillemotright}}
}

@book{barr1999programming,
  title={Programming embedded systems in C and C++},
  author={Barr, Michael},
  year={1999},
  publisher={" O'Reilly Media, Inc."}
}

@inproceedings{caracas2009mote,
  title={Mote runner: A multi-language virtual machine for small embedded devices},
  author={Caracas, Alexandru and Kramp, Thorsten and Baentsch, Michael and Oestreicher, Marcus and Eirich, Thomas and Romanov, Ivan},
  booktitle={2009 Third International Conference on Sensor Technologies and Applications},
  pages={117--125},
  year={2009},
  organization={IEEE}
}

@book{donat2014learn,
  title={Learn Raspberry Pi Programming with Python},
  author={Donat, Wolfram and Krause, Chaim},
  year={2014},
  publisher={Springer}
}

@article{diwan1992compiler,
  title={Compiler support for garbage collection in a statically typed language},
  author={Diwan, Amer and Moss, Eliot and Hudson, Richard},
  journal={ACM Sigplan Notices},
  volume={27},
  number={7},
  pages={273--282},
  year={1992},
  publisher={ACM New York, NY, USA}
}

@article{cohen1991type,
  title={Type-extension type test can be performed in constant time},
  author={Cohen, Norman H},
  journal={ACM Transactions on Programming Languages and Systems (TOPLAS)},
  volume={13},
  number={4},
  pages={626--629},
  year={1991},
  publisher={ACM New York, NY, USA}
}

@inproceedings{ishizaki2000study,
  title={A study of devirtualization techniques for a Java Just-In-Time compiler},
  author={Ishizaki, Kazuaki and Kawahito, Motohiro and Yasue, Toshiaki and Komatsu, Hideaki and Nakatani, Toshio},
  booktitle={Proceedings of the 15th ACM SIGPLAN conference on Object-oriented programming, systems, languages, and applications},
  pages={294--310},
  year={2000}
}

@online{uleb2021online,
  title = {LEB128 - Wikipedia},
  url = {https://en.wikipedia.org/wiki/LEB128#Unsigned_LEB128},
  urldate = {2021-05-01}
}